@misc{lkmlfaq,
	key = "LML",
	title = {Linux {K}ernel {M}ailing {L}ist -- {F}requently {A}sked {Q}uestions},
	howpublished = {http://\-www.\-kernel.\-org/\-pub/\-linux/\-docs/\-lkml/\-\#s9-9} }
@misc{opengroup,
	key = "OG",
	title = {The {O}pen {G}roup},
	howpublished = {http://\-www.\-opengroup.\-org/} }
@misc{openss7,
	key = "SS7",
	title = {The {OpenSS7} {P}roject},
	howpublished = {http://\-www.\-openss7.\-org/} }
@misc{LiS,
	key = "LiS",
	title = {Linux {STREAMS} ({LiS})},
	number = {2.18.6},
	howpublished = {http://\-www.\-openss7.\-org/\-download.\-html} }
@misc{LfS,
	key = "LfS",
	title = {Linux {F}ast-{STREAMS} -- {A} {H}igh-{P}erformance {SVR} 4.2 {MP} {STREAMS} {I}mplementation for {L}inux},
	number = {0.9.3},
	howpublished = {http://www.openss7.org/download.html} }
@misc{strsock,
	key = {Soc},
	title = {Sockets for Linux Fast-STREAMS},
	number = {0.9.2}, 
	howpublished = {http://\-www.\-openss7.\-org/\-download.\-html} }
@misc{netperf,
	author = {Rick Jones},
	year = 2007,
	title = {Network Performance with Netperf -- {A}n {OpenSS7} {M}odified {V}ersion},
	howpublished = {http://\-www.\-openss7.\-org/\-download.\-html} }
@article{Ritchie84,
	author = {Dennis M. Ritchie},
	title = {A {S}tream {I}nput-output {S}ystem},
	journal = {AT\&T Bell Laboratories Technical Journal},
	year = 1984,
	volume = 63,
	number = 8,
	pages = {1897-1910},
	month = {October},
	note = {Part 2} }
@article{demux,
	author = {Vincent Roca and Torsten Braun and Christophe Diot},
	title = {Demultiplexed Architectures: A solution for Efficient {STREAMS}-Based Communications Stacks},
	journal = {IEEE Network},
	year = 1997,
	month = {July/August} }
@inproceedings{impbsd,
	author = {Ian Vessey and Glen Skinner},
	title = {Implementing {B}erkeley {S}ockets in {S}ystem {V} {R}elease 4},
	booktitle = {Proceedings of the Winter 1990 USENIX Conference},
	year = 1990,
	organization = {USENIX} }
@book{magic,
	author = {Berny Goodheart and James Cox},
	title = {The magic garden explained: the internals of {UNIX} {S}ystem {V} {R}elease 4, an open systems design / {B}erny {G}oodheart \& {J}ames {C}ox},
	publisher = {Prentice Hall},
	year = 1994,
	address = {Australia},
	note = {ISBN 0-13-098138-9} }
@book{advprog,
	author = {W. Richard Stevens},
	title = {Advanced Programming in the {UNIX} Environment},
	edition = {Fifteenth},
	month = {December},
	year = 1997,
	address = {Reading, Massachusetts},
	publisher = {Addison--Wesley},
	note = {ISBN 0-201-56317-7} }
@book{bsd,
	author = {Marshall Kirk McKusick and Keith Bostic and Michael J. Karels and John S.  Quaterman},
	title = {The design and implementation of the 4.4{BSD} operating system},
	publisher = {Addison-Wesley},
	year = 1997,
	edition = {Third},
	month = {November},
	note = {ISBN 0-201-54979-4} }
@article{socklib,
	author = {Jim Mario},
	title = {Solaris sockets, past and present},
	journal = {Unix Insider},
	year = 2001,
	month = {September} }
@techreport{tpi,
	key = {TPI},
	title = {Transport {P}rovider {I}nterface ({TPI}) {S}pecification, {R}evision 2.0.0, {D}raft 2},
	institution = {The Open Group},
	year = 1999,
	type = {Technical {S}pecification},
	publisher = {The {O}pen {G}roup},
	address = {Parsipanny, New Jersey},
	note = {http://\-www.\-opengroup.\-org/\-onlinepubs/} }
@techreport{tli,
	key = {TLI},
	title = {Transport {P}rovider {I}nterface {S}pecification, {R}evision 1.5},
	institution = {{UNIX} International, Inc.},
	year = 1992,
	month = {December 10},
	type = {Technical {S}pecification},
	publisher = {{UNIX} {I}nternational {P}ress},
	address = {Parsipanny, New Jersey},
	note = {http://\-www.\-openss7.\-org/\-docs/\-tpi.pdf} }
@techreport{npi,
	key = {NPI},
	title = {Network {P}rovider {I}nterface ({NPI}) {S}pecification, {R}evision 2.0.0},
	institution = {{UNIX} International, Inc.},
	year = 1992,
	month = {August 17},
	type = {Technical {S}pecification},
	address = {Parsippany, New Jersey},
	publisher = {{UNIX} {I}nternational {P}ress},
	note = {http://\-www.\-openss7.\-org/\-docs/\-npi.pdf} }
@techreport{dlpi,
	key = {DLPI},
	title = {Data {L}ink {P}rovider {I}nterface ({DLPI}) {S}pecification, {R}evision 2.0.0, {D}raft 2},
	institution = {{UNIX} International, Inc.},
	year = 1992,
	month = {December 10},
	type = {Technical {S}pecification},
	address = {Parsippany, New Jersey},
	publisher = {{UNIX} {I}nternational {P}ress},
	note = {http://\-www.\-openss7.\-org/\-docs/\-dlpi.pdf} }
@techreport{susv3,
	key = {SUSv3},
	title = {Single {UNIX} {S}pecification, {V}ersion 3},
	institution = {The {O}pen {G}roup},
	year = 2003,
	edition = {Second},
	type = {Open {G}roup {P}ublication},
	publisher = {The {O}pen {G}roup},
	note = {http://\-www.\-opengroup.\-org/\-onlinepubs/} }
@techreport{susv2,
	key = {SUSv2},
	title = {Single {UNIX} {S}pecification, {V}ersion 2},
	institution = {The {O}pen {G}roup},
	year = 1998,
	edition = {Second},
	type = {Open {G}roup {P}ublication},
	publisher = {The {O}pen {G}roup},
	note = {http://\-www.\-opengroup.\-org/\-onlinepubs/} }
@techreport{susv1,
	key = {SUSv1},
	title = {Single {UNIX} {S}pecification, {V}ersion 1},
	institution = {The {O}pen {G}roup},
	year = 1995,
	edition = {Second},
	type = {Open {G}roup {P}ublication},
	publisher = {The {O}pen {G}roup},
	note = {http://\-www.\-opengroup.\-org/\-onlinepubs/} }
@techreport{xns,
	key = {XNS5.2},
	title = {Network {S}ervices ({XNS}), {I}ssue 5.2, {D}raft 2.0},
	year = 1999,
	institution = {The {O}pen {G}roup},
	type = {Open {G}roup {P}ublication},
	note = {http://\-www.\-opengroup.\-org/\-onlinepubs/} }
@techreport{xti,
	key = {XTI},
	title = {{XO}pen {T}ranport {I}nterface ({XTI})},
	number = {XTI/TLI Revision 1.0},
	year = 1999,
	institution = {X Programmer's Group},
	type = {Technical Standard},
	note = {http://\-www.\-opengroup.\-org/\-onlinepubs/} }
@techreport{chi,
	key = {CHI},
	title = {{C}hannel {I}nterface ({CHI}) {S}pecification},
	number = {CHI Revision 1.1.2},
	year = 2011,
	month = {July 4},
	institution = {The {OpenSS7} {P}roject},
	type = {Interface Specification},
	address = {{E}dmonton, {A}lberta},
	publisher = {{OpenSS7} {C}orporation},
	note = {http://\-www.\-openss7.\-org/} }
@techreport{mgi,
	key = {MGI},
	title = {{M}edia {G}ateway {I}nterface ({MGI}) {S}pecification},
	number = {MGI Revision 1.1.2},
	year = 2011,
	month = {July 4},
	institution = {The {OpenSS7} {P}roject},
	type = {Interface Specification},
	address = {{E}dmonton, {A}lberta},
	publisher = {{OpenSS7} {C}orporation},
	note = {http://\-www.\-openss7.\-org/} }
@techreport{stun,
	key = {STUN},
	title = {{S}imple {T}raversal of {U}ser {D}atagram {P}rotocol ({UDP})
		{T}hrough {N}etwork {A}ddress {T}ranslators ({NAT}s)},
	number = {3489},
	year = 2003,
	month = {March},
	institution = {{T}he {I}nternet {S}ociety},
	type = {{RFC}},
	publisher = {{T}he {I}nternet {S}ociety},
	note = {http://\-www.\-ietf.\-org/} }
@techreport{ice,
	key = {ICE},
	title = {{I}nteractive {C}onnectivity {E}stablishment ({ICE}): {A} {P}rotocol for
		{N}etwork {A}ddress {T}ranslator ({NAT}) {T}raversal for {O}ffer/{A}nswer
		{P}rotocols},
	number = {5245},
	year = 2010,
	month = {April},
	institution = {{T}he {I}nternet {S}ociety},
	type = {{RFC}},
	publisher = {{T}he {I}nternet {S}ociety},
	note = {http://\-www.\-ietf.\-org/} }
@techreport{msf09,
	key = {MSF09},
	title = {{S-SBG/P-CSC} to {D-SBG} {I}nterface {I}mplementation {A}greement; {H.248}
		{P}rofile for {D}istributed {S}ession {B}order {G}ateways},
	number = {MSF-IA-MEGACO.009-FINAL},
	year = 2007,
	month = {September},
	institution = {{M}ulti{S}ervice {F}orum},
	type = {{I}mplementation {A}greement},
	publisher = {{M}ulti{S}ervice {F}orum} }
@techreport{h2481,
	key = {MEGACO},
	title = {{G}ateway control protocol: {V}ersion 3},
	number = {H.248.1},
	year = 2005,
	month = {September},
	institution = {{I}ternational {T}elecommunications {U}nion, {T}elecom {S}ector},
	type = {ITU-T Recommendation},
	publisher = {{I}ternational {T}elecommunications {U}nion} }
@techreport{h24845,
	key = {MEGACO},
	title = {{G}ateway control protocol: {MGC} information package},
	number = {H.248.45},
	year = 2006,
	month = {May},
	institution = {{I}ternational {T}elecommunications {U}nion, {T}elecom {S}ector},
	type = {ITU-T Recommendation},
	publisher = {{I}ternational {T}elecommunications {U}nion} }
@techreport{bgf,
	key = {BGF},
	title = {{H.248} {P}rofile for controlling {B}order {G}ateway {F}unctions {(BGF)} in the
		{R}esource and {A}dmission {C}ontrol {S}ubsystem {(RACS)}; {P}rotocol
		{S}pecification},
	number = {ES 283 018},
	year = 2006,
	month = {June},
	institution = {{E}uropean {T}elecommunications {S}tandards {I}nstitute},
	type = {ETSI Standard},
	publisher = {{E}uropean {T}elecommunications {S}tandards {I}nstitute} }



