@misc{openss7,
	key = "SS7",
	title = {The {OpenSS7} {P}roject},
	howpublished = {http://\-www.\-openss7.\-org/} }
@misc{LfS,
	key = "LfS",
	title = {Linux {F}ast-{STREAMS} -- {A} {H}igh-{P}erformance {SVR} 4.2 {MP} {STREAMS} {I}mplementation for {L}inux},
	number = {0.9.3},
	howpublished = {http://www.openss7.org/download.html} }
@techreport{dl360g6,
	key = "DL360G6",
	title = {H{P} {P}roliant {DL}360 {G}6},
	institution = {Hewlett-{P}ackard},
	year = 2008,
	type = {Data {S}heet},
	publisher = {Hewlett-{P}ackard},
	address = {Palo {A}lto, California} }
@techreport{dl380g6,
	key = "DL380G6",
	title = {H{P} {P}roliant {DL}380 {G}6},
	institution = {Hewlett-{P}ackard},
	year = 2008,
	type = {Data {S}heet},
	publisher = {Hewlett-{P}ackard},
	address = {Palo {A}lto, California} }
@techreport{dl385g5cg,
	key = "DL385G5CG",
	title = {H{P} {P}roliant {DL}385 {G}5 {C}arrier-{G}rade {S}erver},
	institution = {Hewlett-{P}ackard},
	year = 2008,
	type = {Data {S}heet},
	publisher = {Hewlett-{P}ackard},
	address = {Palo {A}lto, California} }
@techreport{asun,
	key = "ASUN",
	title = {Asterisk on {S}un {S}ervers {S}olution {B}rief},
	institution = {Sun {M}icrosystems},
	year = 2008,
	type = {Solution {B}rief},
	publisher = {Sun {M}icrosystems},
	address = {Santa {C}lara, California},
	note = {http://\-www.\-sun.\-com/\-servers/\-netra/\-t5440/\-asterisk_on_sun.pdf} }
