@misc{openss7,
	key = "SS7",
	title = {The {OpenSS7} {P}roject},
	howpublished = {http://\-www.\-openss7.\-org/} }
@misc{LfS,
	key = "LfS",
	title = {Linux {F}ast-{STREAMS} -- {A} {H}igh-{P}erformance {SVR} 4.2 {MP} {STREAMS} {I}mplementation for {L}inux},
	number = {0.9.3},
	howpublished = {http://www.openss7.org/download.html} }
@techreport{dl360g6,
	key = "DL360G6",
	title = {H{P} {P}roliant {DL}360 {G}6},
	institution = {Hewlett-{P}ackard},
	year = 2008,
	type = {Data {S}heet},
	publisher = {Hewlett-{P}ackard},
	address = {Palo {A}lto, California} }
@techreport{dl380g6,
	key = "DL380G6",
	title = {H{P} {P}roliant {DL}380 {G}6},
	institution = {Hewlett-{P}ackard},
	year = 2008,
	type = {Data {S}heet},
	publisher = {Hewlett-{P}ackard},
	address = {Palo {A}lto, California} }
@techreport{dl385g5cg,
	key = "DL385G5CG",
	title = {H{P} {P}roliant {DL}385 {G}5 {C}arrier-{G}rade {S}erver},
	institution = {Hewlett-{P}ackard},
	year = 2008,
	type = {Data {S}heet},
	publisher = {Hewlett-{P}ackard},
	address = {Palo {A}lto, California} }
@techreport{asun,
	key = "ASUN",
	title = {Asterisk on {S}un {S}ervers {S}olution {B}rief},
	institution = {Sun {M}icrosystems},
	year = 2008,
	type = {Solution {B}rief},
	publisher = {Sun {M}icrosystems},
	address = {Santa {C}lara, California},
	note = {http://\-www.\-sun.\-com/\-servers/\-netra/\-t5440/\-asterisk_on_sun.pdf} }
@techreport{g703,
	key = "G.703",
	title = {Physical/electrical characteristics of hierarchical digital interfaces},
	institution = {International {T}elecommunications {U}nion},
	year = {November 2001},
	type = {{R}ecommendation {G}.703},
	publisher = {Internation {T}elecommunications {U}nion},
	address = {Geneva, {S}witzerland} }
@techreport{g704,
	key = "G.704",
	title = {Synchronous frame structures used at 1544, 6312, 2048, 8448 and 44 763 kbit/s hierarchical levels},
	institution = {International {T}elecommunications {U}nion},
	year = {October 1998},
	type = {{R}ecommendation {G}.704},
	publisher = {Internation {T}elecommunications {U}nion},
	address = {Geneva, {S}witzerland} }
@techreport{rfc1889,
	key = "RFC 1889",
	title = {{RTP}: A Transport Protocol for Real-Time Application},
	author = {Henry Shulzrinne and Stephen L. Casner and Ron Frederick and Van Jacobson},
	editor = {Henry Shulzrinne},
	institution = {Internet {E}ngineering {T}ask {F}orce},
	year = {January 1996},
	type = {{RFC} 1889},
	publisher = {The {I}nternet {S}ociety} }
@techreport{rfc791,
	key = "RFC 791",
	title = {{I}nternet {P}rotocol - {I}nternet {P}rogram - {P}rotocol {S}pecification},
	author = {J. Postel},
	editor = {J. Postel},
	institution = {Internet {E}ngineering {T}ask {F}orce},
	year = {September 1981},
	type = {{STD} 5},
	publisher = {The {I}nternet {S}ociety} }
@techreport{gr253core,
	key = "GR-253-CORE",
	title = {Synchronous Optical Network ({SONET}) Transport Systems: Common Generic Criteria},
	institution = {Telcorida},
	year = {October 2009},
	type = {Issue 5},
	publisher = {Telcordia} }
@techreport{inf8074,
	key = "INF-8074i",
	title = {{SFP} (Small Formfactor Pluggable) Transciever},
	institution = {{SFF} {C}ommittee},
	year = {May 12, 2001},
	type = {Revision 1.0},
	publisher = {{SFF} {C}ommittee} }
@techreport{PCIeCEM,
	key = "PCI Express CEM",
	title = {{PCI} {E}xpress Card Electromechanical Specification},
	institution = {{PCI-SIG}},
	type = {Revision 1.1},
	year = {March 28, 2005},
	publisher = {{PCI-SIG}} }
